<record><leader>00000cas a22000007a 4500</leader><controlfield tag="001">754107848</controlfield><controlfield tag="008">110922c20049999txuer n       0   a0eng  </controlfield><controlfield tag="009">466</controlfield><datafield ind1=" " ind2=" " tag="010"><subfield code="a">  2011201758</subfield></datafield><datafield ind1=" " ind2=" " tag="040"><subfield code="a">DLC</subfield><subfield code="b">eng</subfield><subfield code="c">DLC</subfield><subfield code="d">DLC</subfield></datafield><datafield ind1=" " ind2=" " tag="012"><subfield code="l">1</subfield></datafield><datafield ind1="0" ind2=" " tag="022"><subfield code="a">2163-8683</subfield><subfield code="2">1</subfield></datafield><datafield ind1=" " ind2=" " tag="037"><subfield code="b">The Leakey Star, P.O. Box 116, Rio Frio, TX  78879</subfield></datafield><datafield ind1=" " ind2=" " tag="042"><subfield code="a">nsdp</subfield><subfield code="a">msc</subfield></datafield><datafield ind1="1" ind2="0" tag="050"><subfield code="a">ISSN RECORD</subfield></datafield><datafield ind1="1" ind2="0" tag="082"><subfield code="a">070</subfield><subfield code="2">14</subfield></datafield><datafield ind1=" " ind2="4" tag="222"><subfield code="a">The Leakey star</subfield><subfield code="b">(Print)</subfield></datafield><datafield ind1="0" ind2="4" tag="245"><subfield code="a">The Leakey star</subfield></datafield><datafield ind1="1" ind2=" " tag="246"><subfield code="a">Star</subfield></datafield><datafield ind1="1" ind2=" " tag="246"><subfield code="a">New Leakey star</subfield></datafield><datafield ind1=" " ind2=" " tag="260"><subfield code="a">Rio Frio, TX :</subfield><subfield code="b">Glen &amp; Celeste Ivey</subfield></datafield><datafield ind1=" " ind2=" " tag="310"><subfield code="a">Biweekly</subfield></datafield><datafield ind1="1" ind2=" " tag="362"><subfield code="a">Began in 2004</subfield></datafield><datafield ind1=" " ind2=" " tag="588"><subfield code="a">Description based on surrogate of: Vol. 8, no. 1 (Feb.11-25, 2011); title from banner.</subfield></datafield><datafield ind1="1" ind2=" " tag="700"><subfield code="a">Ivey, Glen</subfield></datafield><datafield ind1="1" ind2=" " tag="700"><subfield code="a">Ivey, Celeste</subfield></datafield><datafield ind1="0" ind2="8" tag="776"><subfield code="i">Also issued online:</subfield><subfield code="t">Leakey Star</subfield><subfield code="x">2163-8705</subfield><subfield code="w">(DLC)  2011201757</subfield><subfield code="w">(OCoLC)754110005</subfield></datafield><datafield ind1="4" ind2="1" tag="856"><subfield code="u">http://www.theleakeystaronline.com/news/</subfield></datafield></record>